@misc{BlankDontUse3,
 title = {Blank Don't Use This}
}

@INPROCEEDINGS{Key_Template_InProceedings_Empty,
    KEYWORDS={DenKr_literature,primary_literature},
    TITLE={\begingroup
        Title\endgroup},
    AUTHOR={Krummacker, Dennis and Schotten, Hans Dieter},
    EDITOR={},
    YEAR={2022},
    MONTH={},
    BOOKTITLE={Proceedings-Title},
    BOOKTITLEGERMAN={},
    BOOKSUBTITLE={},
    BOOKTITLEADDON={},
    VOLUME={},
    NUMBER={},
    PAGES={},
    EVENTTITLE={},
    VENUE={},
    EVENTDATE={},
    INSTITUTION={},
    ORGANIZATION={},
    PUBLISHER={},
    LOCATION={},
    EPRINT={},
    EPRINTTYPE={},
    EPRINTCLASS={},
    DOI={},
    ISSN={},
    ISBN={},
    URL={},
    LANGUAGE={English},
    ABSTRACT={\begingroup
        Abstract\endgroup}
}